@inproceedings{vis1,
  title={Direct visibility of point sets},
  author={Katz, Sagi and Tal, Ayellet and Basri, Ronen},
  booktitle={ACM Transactions on Graphics (TOG)},
  volume={26},
  number={3},
  pages={24},
  year={2007},
  organization={ACM}
}

@article{vis2,
  title={Visibility of noisy point cloud data},
  author={Mehra, Ravish and Tripathi, Pushkar and Sheffer, Alla and Mitra, Niloy J},
  journal={Computers \& Graphics},
  volume={34},
  number={3},
  pages={219--230},
  year={2010},
  publisher={Elsevier}
}